<?xml version="1.0" encoding="UTF-8"?>
<record xmlns="http://www.loc.gov/MARC21/slim" xmlns:xsi="http://www.w3.org/2001/XMLSchema-instance" xsi:schemaLocation="http://www.loc.gov/MARC21/slim http://www.loc.gov/standards/marcxml/schema/MARC21slim.xsd">
<leader>00000cam a22      a 4500</leader>
<controlfield tag="001">002751931</controlfield>
<controlfield tag="003">NNU</controlfield>
<controlfield tag="005">20160208160824.0</controlfield>
<controlfield tag="008">940111s1961    sy h     b    001 0 araod</controlfield>
<datafield tag="035" ind1=" " ind2=" ">
<subfield code="a">(OCoLC)29610731</subfield>
</datafield>
<datafield tag="037" ind1=" " ind2=" ">
<subfield code="a">PM060067:4</subfield>
</datafield>
<datafield tag="040" ind1=" " ind2=" ">
<subfield code="a">OSU</subfield>
<subfield code="b">eng</subfield>
<subfield code="c">OSU</subfield>
<subfield code="d">OCLCG</subfield>
<subfield code="d">CUY</subfield>
<subfield code="d">GZM</subfield>
<subfield code="d">OCLCQ</subfield>
<subfield code="d">OCLCA</subfield>
<subfield code="d">OCLCQ</subfield>
<subfield code="d">OCLCO</subfield>
<subfield code="d">OCLCQ</subfield>
<subfield code="d">NNU</subfield>
</datafield>
<datafield tag="043" ind1=" " ind2=" ">
<subfield code="a">a-ir---</subfield>
</datafield>
<datafield tag="050" ind1=" " ind2="4">
<subfield code="a">DS288.6</subfield>
<subfield code="b">.A2 1961</subfield>
</datafield>
<datafield tag="100" ind1="1" ind2=" ">
<subfield code="6">880-01</subfield>
<subfield code="a">Abū Ḥayyān al-Tawḥīdī, ʻAlī ibn Muḥammad,</subfield>
<subfield code="d">active 10th century.</subfield>
</datafield>
<datafield tag="245" ind1="1" ind2="0">
<subfield code="6">880-02</subfield>
<subfield code="a">Mathālib al-wazīrayn :</subfield>
<subfield code="b">akhlāq al-Ṣāḥib ibn ʻAbbād wa-Ibn al-ʻAmīd /</subfield>
<subfield code="c">li-Abī Ḥayyān al-Tawḥīdī ; ʻuniya bi-taḥqīqihi Ibrāhīm al-Kīlānī.</subfield>
</datafield>
<datafield tag="260" ind1=" " ind2=" ">
<subfield code="6">880-03</subfield>
<subfield code="a">Dimashq :</subfield>
<subfield code="b">Dār al-Fikr,</subfield>
<subfield code="c">1961.</subfield>
</datafield>
<datafield tag="300" ind1=" " ind2=" ">
<subfield code="a">11, [2], 400 pages :</subfield>
<subfield code="b">facsimiles ;</subfield>
<subfield code="c">24 cm</subfield>
</datafield>
<datafield tag="336" ind1=" " ind2=" ">
<subfield code="a">text</subfield>
<subfield code="b">txt</subfield>
<subfield code="2">rdacontent</subfield>
</datafield>
<datafield tag="337" ind1=" " ind2=" ">
<subfield code="a">unmediated</subfield>
<subfield code="b">n</subfield>
<subfield code="2">rdamedia</subfield>
</datafield>
<datafield tag="338" ind1=" " ind2=" ">
<subfield code="a">volume</subfield>
<subfield code="b">nc</subfield>
<subfield code="2">rdacarrier</subfield>
</datafield>
<datafield tag="500" ind1=" " ind2=" ">
<subfield code="a">Title on back cover: Épître mat̲ālib al wazīrein : les défauts des deux ministres.</subfield>
</datafield>
<datafield tag="504" ind1=" " ind2=" ">
<subfield code="a">Includes bibliographical references and indexes.</subfield>
</datafield>
<datafield tag="500" ind1=" " ind2=" ">
<subfield code="a">Title on added t.p.: Epitre Matālib al wazīrein (Les défauts des deux ministres).</subfield>
</datafield>
<datafield tag="504" ind1=" " ind2=" ">
<subfield code="a">Includes bibliographical references (pages 389-390)-and indexes.</subfield>
</datafield>
<datafield tag="600" ind1="1" ind2="0">
<subfield code="6">880-04</subfield>
<subfield code="a">Ṣāḥib al-Ṭālqānī, Abū al-Qāsim Ismāʻīl ibn ʻAbbād,</subfield>
<subfield code="d">936-995.</subfield>
</datafield>
<datafield tag="600" ind1="1" ind2="0">
<subfield code="a">Ibn al-ʻAmīd, Muḥammad ibn al-Ḥusayn,</subfield>
<subfield code="d">-970 or 971.</subfield>
</datafield>
<datafield tag="600" ind1="1" ind2="0">
<subfield code="a">Ibn al-ʻAmīd, Abū al-Fatḥ ʻAlī ibn Muḥammad,</subfield>
<subfield code="d">948 or 949-976 or 977.</subfield>
</datafield>
<datafield tag="651" ind1=" " ind2="0">
<subfield code="a">Iran</subfield>
<subfield code="x">History</subfield>
<subfield code="y">640-1256.</subfield>
</datafield>
<datafield tag="700" ind1="1" ind2=" ">
<subfield code="6">880-05</subfield>
<subfield code="a">Kīlānī, Ibrāhīm.</subfield>
</datafield>
<datafield tag="880" ind1="1" ind2=" ">
<subfield code="6">100-01/</subfield>
<subfield code="a">‏أبو حيان التوحيدي، علي بن محمد.</subfield>
</datafield>
<datafield tag="880" ind1="1" ind2="0">
<subfield code="6">245-02/</subfield>
<subfield code="a">‏مثالب الوزيرين ‏ ‏‏‏‏</subfield>
<subfield code="b">‏أخلاق الصاحب بن عباد وابن العميد /‏</subfield>
<subfield code="c">‏لأبي حيان التوحيدي ؛ عني بتحقيقه إبراهيم الكيلاني.</subfield>
</datafield>
<datafield tag="880" ind1=" " ind2=" ">
<subfield code="6">260-03/</subfield>
<subfield code="a">‏دمشق :‏</subfield>
<subfield code="b">‏دار الفكر،‏</subfield>
<subfield code="c">‏1961.</subfield>
</datafield>
<datafield tag="880" ind1="1" ind2="4">
<subfield code="6">600-04/</subfield>
<subfield code="a">صاحب الطالقاني، ابو القاسم اسماعيل بن عباد،</subfield>
<subfield code="d">936-995.</subfield>
</datafield>
<datafield tag="880" ind1="1" ind2=" ">
<subfield code="6">700-05/</subfield>
<subfield code="a">‏كيلاني، إبراهيم.</subfield>
</datafield>
<datafield tag="OWN" ind1=" " ind2=" ">
<subfield code="a">GENERAL</subfield>
</datafield>
<datafield tag="AVA" ind1=" " ind2=" ">
<subfield code="a">NYU50</subfield>
<subfield code="b">BOBST</subfield>
<subfield code="c">Main Collection</subfield>
<subfield code="d">DS288.6 .A2</subfield>
<subfield code="e">unavailable</subfield>
<subfield code="t">Unavailable</subfield>
<subfield code="f">1</subfield>
<subfield code="g">1</subfield>
<subfield code="h">N</subfield>
<subfield code="i">2</subfield>
<subfield code="j">MAIN</subfield>
<subfield code="k">0</subfield>
</datafield>
</record>
